<?xml version='1.0'?>
<collection xmlns='http://www.loc.gov/MARC21/slim' xmlns:xsi='http://www.w3.org/2001/XMLSchema-instance' xsi:schemaLocation='http://www.loc.gov/MARC21/slim http://www.loc.gov/standards/marcxml/schema/MARC21slim.xsd'>
  <record>
    <leader>00000cjm  2200469Ii 4500</leader>
      <controlfield tag='008'>781009s1978    nyusgn   a          eng d</controlfield>
      <controlfield tag='007'>sd bssenn</controlfield>
      <controlfield tag='001'>4281642</controlfield>
      <controlfield tag='005'>19890721082836.1</controlfield>
      <datafield ind1=' ' ind2=' ' tag='010'>
        <subfield code='a'>78750468</subfield>
      </datafield>
      <datafield ind1='0' ind2='0' tag='028'>
        <subfield code='a'>NW 221</subfield>
        <subfield code='b'>New World Records</subfield>
      </datafield>
      <datafield ind1=' ' ind2=' ' tag='040'>
        <subfield code='a'>INA</subfield>
        <subfield code='c'>INA</subfield>
        <subfield code='d'>OCL</subfield>
        <subfield code='d'>NOC</subfield>
      </datafield>
      <datafield ind1='0' ind2='0' tag='245'>
        <subfield code='a'>I wants to be a actor lady and other hits from early musical comedies</subfield>
        <subfield code='h'>[sound disc].</subfield>
      </datafield>
      <datafield ind1=' ' ind2=' ' tag='260'>
        <subfield code='b'>New World Records</subfield>
        <subfield code='c'>[1978]</subfield>
      </datafield>
      <datafield ind1=' ' ind2=' ' tag='300'>
        <subfield code='a'>1 disc.</subfield>
        <subfield code='b'>33 1/3 rpm.; stereo.</subfield>
        <subfield code='c'>12 in.</subfield>
      </datafield>
      <datafield ind1=' ' ind2=' ' tag='306'>
        <subfield code='a'>004428.</subfield>
      </datafield>
      <datafield ind1='1' ind2=' ' tag='490'>
        <subfield code='a'>Recorded anthology of American music</subfield>
      </datafield>
      <datafield ind1=' ' ind2=' ' tag='500'>
        <subfield code='a'>Program notes by Deane L. Root and Stanley Green, texts, bibliography, and discography (6p.) bound in.</subfield>
      </datafield>
      <datafield ind1=' ' ind2=' ' tag='500'>
        <subfield code='a'>Recorded in Corbett Auditorium, University of Cincinnati.</subfield>
      </datafield>
      <datafield ind1='0' ind2=' ' tag='505'>
        <subfield code='a'>Amazons&apos; march.--The Yankee Doodle boy.--My heart.--Buckets of gore.--I wants to be a actor lady.--The Heidelberg stein song.--How&apos;d you like to spoon with me?--May Irwin&apos;s &quot;Bully&quot; song.--Sex against sex.--A pretty girl.--Reuben and Cynthia.--The Broadway, opera and Bowery crawl.--Song of brown October ale.--Lullaby.--The Bowery.--I can&apos;t do the sum.</subfield>
      </datafield>
      <datafield ind1=' ' ind2=' ' tag='511'>
        <subfield code='a'>Cincinnati&apos;s University Singers and Theater Orchestra; Earl Rivers,director.</subfield>
      </datafield>
      <datafield ind1=' ' ind2='0' tag='650'>
        <subfield code='a'>Musicals</subfield>
        <subfield code='v'>Excerpts.</subfield>
      </datafield>
      <datafield ind1=' ' ind2='0' tag='650'>
        <subfield code='a'>Popular music</subfield>
        <subfield code='z'>United States.</subfield>
      </datafield>
      <datafield ind1='1' ind2=' ' tag='700'>
        <subfield code='a'>Rivers, Earl.</subfield>
        <subfield code='4'>prf</subfield>
      </datafield>
      <datafield ind1='2' ind2=' ' tag='710'>
        <subfield code='a'>Cincinnati&apos;s University Singers.</subfield>
        <subfield code='4'>prf</subfield>
      </datafield>
      <datafield ind1='0' ind2='2' tag='740'>
        <subfield code='a'>Amazons&apos; march</subfield>
      </datafield>
      <datafield ind1='4' ind2='2' tag='740'>
        <subfield code='a'>The Yankee Doodle boy</subfield>
        <subfield code='h'>[Sound recording]</subfield>
      </datafield>
      <datafield ind1='0' ind2='2' tag='740'>
        <subfield code='a'>My heart</subfield>
      </datafield>
      <datafield ind1='0' ind2='2' tag='740'>
        <subfield code='a'>Buckets of gore</subfield>
      </datafield>
      <datafield ind1='4' ind2='2' tag='740'>
        <subfield code='a'>The Heidelberg stein song</subfield>
      </datafield>
      <datafield ind1='0' ind2='2' tag='740'>
        <subfield code='a'>How&apos;d you like to spoon with me?</subfield>
      </datafield>
      <datafield ind1='0' ind2='2' tag='740'>
        <subfield code='a'>May Irwin&apos;s &quot;Bully&quot; song</subfield>
      </datafield>
      <datafield ind1='0' ind2='2' tag='740'>
        <subfield code='a'>Sex against sex</subfield>
      </datafield>
      <datafield ind1='2' ind2='2' tag='740'>
        <subfield code='a'>A pretty girl</subfield>
        <subfield code='h'>[Sound recording]</subfield>
      </datafield>
      <datafield ind1='0' ind2='2' tag='740'>
        <subfield code='a'>Reuben and Cynthia</subfield>
        <subfield code='h'>[Sound recording]</subfield>
      </datafield>
      <datafield ind1='4' ind2='2' tag='740'>
        <subfield code='a'>The Broadway, opera and Bowery crawl</subfield>
      </datafield>
      <datafield ind1='0' ind2='2' tag='740'>
        <subfield code='a'>Song of brown October ale</subfield>
      </datafield>
      <datafield ind1='4' ind2='2' tag='740'>
        <subfield code='a'>The Bowery</subfield>
      </datafield>
      <datafield ind1='0' ind2='2' tag='740'>
        <subfield code='a'>I can&apos;t do the sum</subfield>
      </datafield>
      <datafield ind1=' ' ind2='0' tag='830'>
        <subfield code='a'>Recorded anthology of American music (Series)</subfield>
      </datafield>
      <datafield ind1=' ' ind2=' ' tag='907'>
        <subfield code='a'>.b15634462</subfield>
      </datafield>
      <datafield ind1=' ' ind2=' ' tag='915'>
        <subfield code='9'>Baseline 09_2016</subfield>
        <subfield code='9'>Under Authority Control</subfield>
      </datafield>
      <datafield ind1=' ' ind2=' ' tag='935'>
        <subfield code='a'>ACF-0234</subfield>
      </datafield>
      <datafield ind1='9' ind2='1' tag='999'>
        <subfield code='i'>i2211271</subfield>
        <subfield code='l'>mmdd</subfield>
        <subfield code='s'>-</subfield>
        <subfield code='t'>50</subfield>
        <subfield code='c'>1</subfield>
        <subfield code='o'>6</subfield>
        <subfield code='b'>00009805810</subfield>
        <subfield code='p'>099</subfield>
        <subfield code='q'>|a12,238s</subfield>
      </datafield>
  </record>
</collection>